@misc{Condensed,
  author       = {Clausen, Dustin and Scholze, Peter},
  title        = {Lectures on Condensed Mathematics},
  year         = {2019},
  url          = {https://people.mpim-bonn.mpg.de/scholze/Condensed.pdf}
}

@misc{Analytic,
  author       = {Clausen, Dustin and Scholze, Peter},
  title        = {Lectures on Analytic Geometry},
  year         = {2019},
  url          = {https://people.mpim-bonn.mpg.de/scholze/Analytic.pdf}
}

@misc{Complex,
  author       = {Clausen, Dustin and Scholze, Peter},
  title        = {Condensed Mathematics and Complex Geometry},
  year         = {2022},
  url          = {https://people.mpim-bonn.mpg.de/scholze/Complex.pdf}
}

@mastersthesis{Foundations,
  author  = {Ásgeirsson, Dagur},
  school  = {Université de Paris},
  title   = {The Foundations of Condensed Mathematics},
  year    = {2021},
  url     = {https://dagur.sites.ku.dk/files/2022/01/condensed-foundations.pdf}
}

@misc{Pyknotic,
      title={Pyknotic objects, I. Basic notions}, 
      author={Clark Barwick and Peter Haine},
      year={2019},
      eprint={1904.09966},
      archivePrefix={arXiv},
      primaryClass={math.AG}
}

@InCollection{Proetale,
 Author = {Bhatt, Bhargav and Scholze, Peter},
 Title = {The pro-{\'e}tale topology for schemes},
 BookTitle = {De la g\'eom\'etrie alg\'ebrique aux formes automorphes (I). Une collection d'articles en l'honneur du soixanti\`eme anniversaire de G\'erard Laumon},
 ISBN = {978-2-85629-805-3},
 Pages = {99--201},
 Year = {2015},
 Publisher = {Paris: Soci{\'e}t{\'e} Math{\'e}matique de France (SMF)},
 Language = {English},
 Keywords = {19F27,18F10,14H30},
 zbMATH = {6479630},
 Zbl = {1351.19001}
}

@misc{stacks-project,
  author       = {The {Stacks project authors}},
  title        = {The Stacks project},
  howpublished = {\url{https://stacks.math.columbia.edu}},
  year         = {2023},
}

@misc{CopenhagenLectures,
  author       = {Clausen, Dustin and Scholze, Peter},
  title        = {Masterclass in Condensed Mathematics},
  url          = {https://www.math.ku.dk/english/calendar/events/condensed-mathematics/},
  year         = {2020}
}

@Book{Land,
 Author = {Land, Markus},
 Title = {Introduction to infinity-categories},
 FSeries = {Compact Textbooks in Mathematics},
 Series = {Compact Textb. Math.},
 ISSN = {2296-4568},
 ISBN = {978-3-030-61523-9; 978-3-030-61524-6},
 Year = {2021},
 Publisher = {Cham: Birkh{\"a}user},
 Language = {English},
 DOI = {10.1007/978-3-030-61524-6},
 Keywords = {18-01,18Nxx},
 zbMATH = {7332844},
 Zbl = {1471.18001}
}

@misc{kerodon,
  author       = {Jacob Lurie},
  title        = {Kerodon},
  howpublished = {\url{https://kerodon.net}},
  year         = {2024},
}

@Book{HTT,
 Author = {Lurie, Jacob},
 Title = {Higher topos theory},
 FSeries = {Annals of Mathematics Studies},
 Series = {Ann. Math. Stud.},
 Volume = {170},
 ISBN = {978-0-691-14049-0; 978-0-691-14048-3},
 Year = {2009},
 Publisher = {Princeton, NJ: Princeton University Press},
 Language = {English},
 DOI = {10.1515/9781400830558},
 Keywords = {18-02,18B25,18G30,18G55,18F20},
 zbMATH = {5497319},
 Zbl = {1175.18001}
}

@misc{Mair,
      title={Animated Condensed Sets and Their Homotopy Groups}, 
      author={Catrin Mair},
      year={2021},
      eprint={2105.07888},
      archivePrefix={arXiv},
      primaryClass={math.AT}
}

@Article{Tohoku,
 Author = {Grothendieck, A.},
 Title = {Sur quelques points d'alg{\`e}bre homologique},
 FJournal = {T{\^o}hoku Mathematical Journal. Second Series},
 Journal = {T{\^o}hoku Math. J. (2)},
 ISSN = {0040-8735},
 Volume = {9},
 Pages = {119--221},
 Year = {1957},
 Language = {French},
 Keywords = {18-02,57-02},
 zbMATH = {3192990},
 Zbl = {0118.26104}
}

@misc{AnStacks,
  author       = {Clausen, Dustin and Scholze, Peter},
  title        = {Dustin Clausen and Peter Scholze - Analytic Stacks},
  year         = {2023-24},
  url          = {https://www.youtube.com/playlist?list=PLx5f8IelFRgGmu6gmL-Kf_Rl_6Mm7juZO}
}